<?xml version="1.0" encoding="UTF-8"?><record xmlns="http://www.loc.gov/MARC21/slim" xmlns:cinclude="http://apache.org/cocoon/include/1.0" xmlns:zs="http://www.loc.gov/zing/srw/">
  <leader>00480nz  a2200121n  4500</leader>
  <controlfield tag="001">nr 93011624 </controlfield>
  <controlfield tag="003">DLC</controlfield>
  <controlfield tag="005">19930330063421.2</controlfield>
  <controlfield tag="008">930329n| acannaab|          |n aaa     c</controlfield>
  <datafield tag="010" ind1=" " ind2=" ">
    <subfield code="a">nr 93011624 </subfield>
  </datafield>
  <datafield tag="040" ind1=" " ind2=" ">
    <subfield code="a">DeGH</subfield>
    <subfield code="c">DeGH</subfield>
  </datafield>
  <datafield tag="100" ind1="1" ind2="0">
    <subfield code="a">Jones, Benjamin F.</subfield>
    <subfield code="q">(Benjamin Franklin),</subfield>
    <subfield code="d">1824-1903</subfield>
  </datafield>
  <datafield tag="670" ind1=" " ind2=" ">
    <subfield code="a">Swank, J.M. Papers, 1874-1885</subfield>
    <subfield code="b">(Benjamin F. Jones; Benjamin Franklin Jones; steel manufacturer of Pittsburgh, Pa.; b. Aug. 8, 1824, Washington Co., Pa.; d. 1903; founder of Jones &amp; Laughlin)</subfield>
  </datafield>
</record>